<record><leader>00000cas a2200000 a 4500</leader><controlfield tag="001">21656267</controlfield><controlfield tag="008">900531d18821888maudn n       0    0eng c</controlfield><datafield ind1=" " ind2=" " tag="010"><subfield code="a">sn 89062360 </subfield></datafield><datafield ind1=" " ind2=" " tag="040"><subfield code="a">MGN</subfield><subfield code="b">eng</subfield><subfield code="c">MGN</subfield><subfield code="d">NVF</subfield><subfield code="d">OCLCQ</subfield><subfield code="d">OCLCF</subfield><subfield code="d">OCLCO</subfield><subfield code="d">OCLCA</subfield></datafield><datafield ind1="1" ind2=" " tag="029"><subfield code="a">AU@</subfield><subfield code="b">000025850997</subfield></datafield><datafield ind1=" " ind2=" " tag="042"><subfield code="a">pcc</subfield></datafield><datafield ind1=" " ind2=" " tag="043"><subfield code="a">n-us-ma</subfield></datafield><datafield ind1="0" ind2=" " tag="130"><subfield code="a">Lawrence American (Lawrence, Mass. : Daily)</subfield></datafield><datafield ind1="1" ind2="0" tag="245"><subfield code="a">Lawrence American.</subfield></datafield><datafield ind1="3" ind2="0" tag="246"><subfield code="a">Lawrence daily American</subfield></datafield><datafield ind1=" " ind2=" " tag="260"><subfield code="a">Lawrence, Mass. :</subfield><subfield code="b">[s.n.]</subfield></datafield><datafield ind1=" " ind2=" " tag="300"><subfield code="a">v.</subfield></datafield><datafield ind1=" " ind2=" " tag="310"><subfield code="a">Daily (except Sunday)</subfield></datafield><datafield ind1="0" ind2=" " tag="362"><subfield code="a">Vol. 35, no. 79 (Oct. 2, 1882)-v. 42 (June 30, 1888).</subfield></datafield><datafield ind1=" " ind2="0" tag="651"><subfield code="a">Lawrence (Mass.)</subfield><subfield code="v">Newspapers.</subfield></datafield><datafield ind1=" " ind2="7" tag="655"><subfield code="a">Newspapers.</subfield><subfield code="2">fast</subfield><subfield code="0">(OCoLC)fst01423814</subfield></datafield><datafield ind1=" " ind2="7" tag="651"><subfield code="a">Massachusetts</subfield><subfield code="z">Lawrence.</subfield><subfield code="2">fast</subfield><subfield code="0">(OCoLC)fst01204257</subfield></datafield><datafield ind1=" " ind2=" " tag="752"><subfield code="a">United States</subfield><subfield code="b">Massachusetts</subfield><subfield code="c">Essex</subfield><subfield code="d">Lawrence.</subfield></datafield><datafield ind1="0" ind2=" " tag="775"><subfield code="t">Lawrence American and Andover advertiser</subfield><subfield code="w">(DLC)sn 83020067</subfield></datafield><datafield ind1="0" ind2="0" tag="780"><subfield code="t">Lawrence daily American (Lawrence, Mass. : 1871)</subfield><subfield code="w">(DLC)sn 83020055</subfield></datafield><datafield ind1="0" ind2="0" tag="785"><subfield code="t">Lawrence daily American (Lawrence, Mass. : 1888)</subfield><subfield code="w">(DLC)sn 89062361</subfield></datafield></record>